%% This BibTeX bibliography file was created using BibDesk.
%% http://bibdesk.sourceforge.net/


%% Created for Neil Taylor at 2014-04-07 22:34:31 +0100 


%% Saved with string encoding Unicode (UTF-8) 



% This is an example of a string: this is the way you do variables in BiBTex
% @string{variable_name="string the variable_name refers to"}
%@string{aij= "Artificial Intelligence"}

% research about games and game platforms
@misc{BrowserGames,
 author={Various},
 title={{Free Browser Games}},
 howpublished={http://www.mmobomb.com/browsergames/},
 note={Accessed April 2015},
 annote={An example of the number and variety of free games you can play in your browser.}
}

@article{GameDefinitions,
 author={Arjoranta, J.},
 title={Game Definitions: A Wittgensteinian Approach},
 year={2014},
 journal={The International Journal of Computer Game Research}, 
 volume={14(1)},
 annote={This is a paper about how to define games, and common problems when defining games. It does not 				relate to board games specifically, nor online or web-based games.It is concerned with the 					philosophy and anthripology of games, and what they mean to society.}
}

@misc{Tizen,
 author={Various},
 title={Tizen},
 howpublished={\url{https://developer.tizen.org/}},
 year={2012},
 note={Accessed January 2015},
 annote={Tizen is an open source project that provides a framework for creating web and native mobile applications. It includes ready made features, but focuses on mobile projects.}
}

@misc{PhotonEngine,
author={Various},
title = {Develop Turnbased Games and Launch Worldwide.},
year = {2015},
howpublished={\url{https://www.exitgames.com/en/Turnbased}},
note={Accessed January 2015},
annote={ExitGames is a company providing an easy game engine and start up platform for turn based, or first person action games. It has an impressive portfolio of example games, as it allows games to be quickly and easly deployed world wide with cloud server hosting and pre-built game components, such as matching players in a game room. It’s a bit pricy though, and does not focus on board games specifically.}
}

@misc{Cocos2DX,
 author={Various},
 title={Cocos2d-x},
 howpublished={\url{http://www.cocos2d-x.org/wiki}},
 year={2011},
 note={Accessed January 2015},
 annote={Cocos2D-X is the open source version of the Coco2D platform. It can be used to make 2D games, or simple 3D adventure games. The supporting company is based in China, and it is a popular development platform for Asian online games. It is commonly used for mobile game development.}
}

@misc{LearnCocos2D,
 author={Pablo Ruiz},
 title={How to Make a Turn-Based Strategy Game},
 howpublished={\url{http://www.raywenderlich.com/12022/how-to-make-a-turn-based-strategy-game-part-1}},
 year={2012},
 month={May},
 note={Accessed January 2015},
 annote={This is a tutorial, teaching simple game development with CosCos2D. It focuses on a 2D strategy game, but does not offer the components necessary for my project, such as use of cards, and cow statistics.}
}

@misc{Vassal,
 author={Various},
 title={VASSAL Overview - What Does It Do?},
 howpublished={\url{http://www.vassalengine.org/wiki/Overview}},
 year={2012},
 month={December},
 note={Accessed January 2015},
 annote={Vassal is software for playing board games with friends over a network. It runs on client Java software. Players make decisions and the game updates other players via the game engine messaging or via email. Rules are rarely defined, player must carry them out.}
}
@misc{VassalProblem,
 author={Bastahrd},
 title={{A game engine for building online adaptations of board and card games}},
 howpublished={\url{https://news.ycombinator.com/item?id=8148477}},
 year={2014},
 month={September},
 annote={This is a discussion on the usefulness of Vassal as a game engine, it highlights the problem that Vassal does not enforce game rules}
}

@misc{BGAStudio,
 author={Various},
 title={Studio, Board Game Arena},
 howpublished={\url{http://en.boardgamearena.com/#!doc/Studio}},
 note={Accessed January 2015},
 annote={The Board Game Arena is a web platform allowing people to play board games hosted on the system with other humans. The Studio is focused on developing games.}
}

@misc{GameEngAndTools,
 author={Various},
 title={Game engines and tools},
 howpublished={\url{https://developer.mozilla.org/en-US/docs/Games/Tools/Engines_and_tools}},
 year={2015},
 month={January},
 note={Accessed January 2015},
 annote={An outline of game engines for HTML5 client based games, as well as a list of tools and useful technologies for HTML5 game development. A short description is given of each.}
}

@misc{GameDevCons,
 author={Various},
 title={Special considerations for game developers},
 howpublished={\url{https://developer.mozilla.org/en-US/Apps/Build/Games/Special_considerations}},
 year={2014},
 month={December},
 note={Accessed January 2015},
 annote={This article tackles things developers should think about before they begin an HTML5 web game. It is focused on client side games only, so covers local storage and OpenId or OAuth possibilities.}
}

@misc{GooglePlay,
 author={Various},
 title={Getting Started for Web-based Game Development},
 howpublished={\url{https://developers.google.com/games/services/web/gettingstarted}},
 year={2014},
 month={December},
 note={Accessed January 2015},
 annote={The Google Play Game Services offer good support for simple client side games that need a way to authenticate users and provide levels, leaderboards, or achievements. However, it does not offer anything else, and so does not fulfill the scope required by my project.}
}




% Frameworks and technologies I did not end up using
@misc{CreatingObjJ,
 author={Zef Hemel},
 title={Objective-J and Cappuccino, with Francisco Tolmasky},
 howpublished={\url{http://www.stateofcode.com/2011/07/francisco-tolmasky/}},
 year={2011},
 month={July},
 note={Accessed January 2015},
 annote={An interview with Francisco Tolmasky, one of the creators of Objective-J and the Cappuccino framework. He explains how it evolved from naturally existing practices within the Objective-C environment when they began developing web applications relying on Javascript.}
}
@misc{LearnObjJ,
 author={Various},
 title={Learning Objective-J},
 howpublished={\url{http://www.cappuccino-project.org/learn/objective-j.html}},
 note={Accessed January 2015},
 annote={A tutorial on the Cappuccino website teaching Objective-J, an object oriented extension of Javascript. I explored it when considering using Capppuccino as a framework.}
}

@misc{Cappuccino,
 author={Various},
 title={Cappuccino},
 howpublished={\url{http://www.cappuccino-project.org/}},
 year={2013},
 note={Accessed January 2015},
 annote={Cappuccino is an open source framework that makes it easy to build desktop-caliber applications that run in a web browser.}
}

@misc{280Slides,
 author={Lani Rosales},
 title={280 Slides presentation app to finally shut down services next month},
 howpublished={\url{gbeat.com/social-media/280-slides-presentation-app-to-finally-shut-down-services-next-month/}},
 year={2011},
 month={November},
 note={Accessed January 2015},
 annote={Discusses the success of an application built using Cappuccino. It offered a smooth and easy user interface, and quickly became popular.}
}

@misc{VerbsAndNouns,
 author={Steve Yegge},
 title={Execution in the Kingdom of Nouns},
 howpublished={\url{http://steve-yegge.blogspot.co.uk/2006/03/execution-in-kingdom-of-nouns.html}},
 year={2006},
 month={March},
 note={Accessed January 2015},
 annote={A comparison of functional and object oriented programming. Languages are examined by how verb or noun oriented they are. The writer makes a good case for functional programming, claiming that it better aligns with how we think.}
}

@misc{ReactJsWebStack,
 author={Eric Florenzano},
 title={React: Finally, a great server/client web stack},
 howpublished={\url{http://eflorenzano.com/blog/2014/01/23/react-finally-server-client/}},
 year={2014},
 month={January},
 note={Accessed January 2015},
 annote={React.js is a library which helps to blend client and server interaction. A common problem in web applications is that a page loads, but data and widgets must then be assembled, taking time before all the content of the page can be seen. Yet this information should have been available from the start, based on the request given to the server.}
}

@misc{ReqJsTemps,
 author={Various},
 title={Keeping Your Templates External Using RequireJS And The Text Plugin},
 howpublished={\url{https://www.safaribooksonline.com/library/view/developing-backbonejs-applications/9781449328535/ch04s03.html}},
 note={Accessed January 2015},
 annote={This blog explains that require.js is used for loading in libraries, but it can also be used to load in templates when using Underscore.js to render templates in a Javascript framework. It was useful for completing a tutorial to learn Backbone.js.}
}

@misc{NodeBegBook,
 author={Manuel Kiessling},
 title={The Node Beginner Book},
 howpublished={\url{http://www.nodebeginner.org/}},
 year={2013},
 month={April},
 note={Accessed January 2015},
 annote={Node.js is Javascript in it’s third generation. First Javascript created small changes on static HTML pages. Then in the second generation it supported Ajax requests to asyncronously load data to a page. In this generation Javascript runs the webserver itself, it has moved server side to generate web pages. So this is Javascript with even more power, the whole web-stack in one language.}
}

@misc{AdvNodeJs,
 author={J Pimmel},
 title={What's advantages on using node.js?},
 howpublished={\url{http://stackoverflow.com/questions/7419976/whats-advantages-on-using-node-js-node-http-server-over-php-ruby-etc-nginx}},
 year={2011},
 month={September},
 note={Accessed January 2015},
 annote={The choice of framework depends on what you are trying to do. Node.js is quick and fast. It lets you implement more functionallity from scratch, and is a learning experience. More developed frameworks such as Rails are safer, and provide more documentation, but can force your hand by requiring an application to be created in a certain way.}
}

@misc{WhyNodeJs,
 author={Sagi Isha},
 title={Why I chose Node.js over Ruby on Rails},
 howpublished={\url{https://medium.com/@sagish/intro-why-i-chose-node-js-over-ruby-on-rails-905b0d7d15c3}},
 year={2013},
 month={September},
 note={Accessed January 2015},
 annote={His opinion is that Node.js provides a lightweight and fast alternative to other server-framework varients. He liked programming in Javascript (a taste I don’t fully share), and so was thrilled to discover Node.js and soon fell in love.}
}


% SPA and frameworks I did use
@misc{BestSerPlat,
 author={Thomas Cashman},
 title={What is the best server side platform for developing multi-player games?},
 howpublished={\url{http://www.quora.com/What-is-the-best-server-side-platform-for-developing-multi-player-games-like-words-with-friends-dots-etc}},
 year={2014},
 month={January},
 note={Accessed January 2015},
 annote={His conclusion is: use a server side framework to create a RESTful API, and then access it with Ajax requests from the client. This allows the logic to be firmly controlled by the server application, yet the client can take any shape and form, mobile or other.}
}

@misc{SPABook,
 author={Mikito Takada},
 title={{Single Page Apps in Depth}},
 howpublished={\url{http://singlepageappbook.com}},
 note={Accessed April 2015},
 annote={This book is a good guide to creating a SPA application. It gives a defences of using a framework for managing SP
}

@misc{CompareFrWrks,
 author={Uri Shaked},
 title={{AngularJS vs. Backbone.js vs. Ember.js}},
 howpublished={\url{http://singlepageappbook.com}},
 note={Accessed April 2015},
 annote={This book is a good guide to creating a SPA application. It gives a defences of using a framework for managing SP
}

@misc{AngOverBB,
 author={Ganaraj Ramakrishna},
 title={{Backbonejs vs Angularjs : Demystifying the myths}},
 howpublished={\url{http://blog.nebithi.com/backbone-and-angular-demystifying-the-myths/}},
 note={Accessed February 2015},
 annote={This blog compares Angular and Backbone as frameworks, and comes to the conclusion that Backbone was a step towards later frameworks, like Angular, that have become more useful. The article takes a detailed look at quite a few pros and cons of the two technologies.}
}

@misc{DevBBoneApps,
 author={Addy Osmani},
 title={Developing Backbone.js Applications},
 howpublished={\url{http://addyosmani.github.io/backbone-fundamentals/}},
 year={2013},
 month={May},
 note={Accessed January 2015},
 annote={A helpful guide into Backbone.js, what it is, why an MVC framework is necessary, and more detail on using Backbone's Model, View and Event classes.}
}

@misc{BBoneJs,
 author={Various},
 title={Backbone.js},
 howpublished={\url{http://backbonejs.org/}},
 year={2010},
 month={October},
 note={Accessed January 2015},
 annote={Backbone.js is a library to organise client side Javascript. It provides a model-view framework to easily sync events with an underlying RESTful API, and can automatically update the page when data changes. It has an impressive list of users.}
}

@misc{Ember,
 author={Various},
 title={A framework for creating ambitious web applications},
 howpublished={\url{http://http://emberjs.com//}},
 year={2015},
 note={Accessed April 2015},
 annote={EmberJS is a client side framework. From what I have read about it, it is somewhere between Backbone, which only provides a skeleton to fill in, and Angular, which abstracts a lot of detail away. I decided to use Angular instead of Ember.}
}

@misc{UnderscoreJs,
 author={Various},
 title={Underscore.js},
 howpublished={\url{http://underscorejs.org/}},
 year={2010},
 month={October},
 note={Accessed January 2015},
 annote={Underscore.js is the core library for Backbone.js. It provides hundreds of everyday Javascript functions, and is specifically used for templating in Backbone.js.}
}

@misc{JetBrains,
 author={Various},
 annote={}
}



% Technologies that were used
@misc{Ruby,
	Annote = {This project used Ruby as the server side language. It is an easy-to-learn, object oriented language, that trys to avoid too much syntax.},
	Author = {{The Ruby Community}},
	Howpublished = {\url{https://www.ruby-lang.org/en/downloads/}},
	Lastchecked = {April 2015},
	Title = {{Ruby - A Programmer's Best Friend}},
	Year = {2015}
}

@misc{Angular,
 author={Various},
 title={{AngularJS, HTML enhanced for Web Apps}},
 howpublished={\url{https://angularjs.org/}},
 year={2015},
 note={Accessed April 2015},
 annote={Angular JS is a modern client side framework. It is well supported, documented and used. Much of the work of glueing together the model, view and controller is dome automatically using a scope value. In reviews it is heralded as the best client side framework out there.}
}
@misc{Lodash,
 author={Various},
 title={{AngularJS, HTML enhanced for Web Apps}},
 howpublished={\url{https://lodash.com/}},
 lastchecked={April 2015},
 annote={}
}


@misc{KarmaJasmine,
  author={Various},
  annote={}
}



% research done during development
@misc{ClientStorage,
 author={John Allsopp},
 title={webStorage: Persistent client side data storage},
 howpublished={\url{http://www.webdirections.org/blog/webstorage-persistent-client-side-data-storage/}},
 year={2012},
 month={March},
 note={Accessed January 2015},
 annote={There are 2 types of client side storage possible: session storage and local storage. Both allow an application to store data in the web browser between page requests, making session easier and smoother to manage. Local storage is a persistent version of session storage, available to any tab and accessible forever, unless deleted by the application. There is a 5MB limit on storage per application imposed by the browsers.}
}
@misc{RailsActRec,
 author={Various},
 title={Active Record Basics},
 howpublished={\url{http://guides.rubyonrails.org/active_record_basics.html}},
 annote={A very useful resource when developing Rails Applications. I returned to this page when designing the database, developing the application, and writing tests.}
}
@misc{APISecurity,
 author={Jiren},
 title={{Implementing Rails APIs like a professional}},
 howpublished={\url{http://blog.joshsoftware.com/2014/05/08/implementing-rails-apis-like-a-professional/}},
 annote={This article helped me understand how to use headers to implement security within a Rails Application. I followed one of the examples outlined in this article.}
}







@misc{XP,
 author={Don Wells},
 title={{Extreme Programming: A gentle introduction }},
 howpublished={\url{http://www.extremeprogramming.org/}},
 year={2009},
 annote={A reference for Extreme Programming. I already knew many of the details from previous modules, but it was useful to be able to look up details for comparing methodologies.}
}





